<record><leader>00000cas a2200000 a 4500</leader><controlfield tag="001">9344173</controlfield><controlfield tag="008">830324d19181921wyudn ne      0   a0eng c</controlfield><datafield ind1=" " ind2=" " tag="010"><subfield code="a">sn 83025232 </subfield></datafield><datafield ind1=" " ind2=" " tag="040"><subfield code="a">NPV</subfield><subfield code="b">eng</subfield><subfield code="c">NPV</subfield><subfield code="d">NVO</subfield><subfield code="d">DLC</subfield><subfield code="d">OCL</subfield><subfield code="d">DLC</subfield><subfield code="d">OCLCQ</subfield><subfield code="d">OCLCF</subfield><subfield code="d">OCLCO</subfield></datafield><datafield ind1="1" ind2=" " tag="029"><subfield code="a">AU@</subfield><subfield code="b">000020399103</subfield></datafield><datafield ind1=" " ind2=" " tag="042"><subfield code="a">pcc</subfield></datafield><datafield ind1=" " ind2=" " tag="043"><subfield code="a">n-us-wy</subfield></datafield><datafield ind1=" " ind2=" " tag="045"><subfield code="a">x1x2</subfield></datafield><datafield ind1="0" ind2="0" tag="050"><subfield code="a">Newspaper</subfield></datafield><datafield ind1=" " ind2=" " tag="052"><subfield code="a">4263</subfield><subfield code="b">L3</subfield></datafield><datafield ind1="0" ind2=" " tag="130"><subfield code="a">Wyoming state tribune (Cheyenne, Wyo. : 1918)</subfield></datafield><datafield ind1="1" ind2="0" tag="245"><subfield code="a">Wyoming state tribune.</subfield></datafield><datafield ind1=" " ind2=" " tag="260"><subfield code="a">Cheyenne, Wyo. :</subfield><subfield code="b">W.C. Deming</subfield></datafield><datafield ind1=" " ind2=" " tag="300"><subfield code="a">v.</subfield></datafield><datafield ind1=" " ind2=" " tag="310"><subfield code="a">Daily (except Sunday)</subfield></datafield><datafield ind1="0" ind2=" " tag="362"><subfield code="a">Vol. 24, no. 72 (Mar. 25, 1918)-v. 27, no. 62 (Mar. 14, 1921).</subfield></datafield><datafield ind1=" " ind2=" " tag="530"><subfield code="a">Available on microfilm from The State Historical Society of Wisconsin, and the Library of Congress, Photoduplication Service.</subfield></datafield><datafield ind1=" " ind2="0" tag="651"><subfield code="a">Cheyenne (Wyo.)</subfield><subfield code="v">Newspapers.</subfield></datafield><datafield ind1=" " ind2="0" tag="651"><subfield code="a">Laramie County (Wyo.)</subfield><subfield code="v">Newspapers.</subfield></datafield><datafield ind1=" " ind2="7" tag="655"><subfield code="a">Newspapers.</subfield><subfield code="2">fast</subfield><subfield code="0">(OCoLC)fst01423814</subfield></datafield><datafield ind1=" " ind2="7" tag="651"><subfield code="a">Wyoming</subfield><subfield code="z">Cheyenne.</subfield><subfield code="2">fast</subfield><subfield code="0">(OCoLC)fst01207517</subfield></datafield><datafield ind1=" " ind2="7" tag="651"><subfield code="a">Wyoming</subfield><subfield code="z">Laramie County.</subfield><subfield code="2">fast</subfield><subfield code="0">(OCoLC)fst01225729</subfield></datafield><datafield ind1=" " ind2=" " tag="752"><subfield code="a">United States</subfield><subfield code="b">Wyoming</subfield><subfield code="c">Laramie</subfield><subfield code="d">Cheyenne.</subfield></datafield><datafield ind1="0" ind2="0" tag="780"><subfield code="t">Wyoming tribune (Cheyenne, Wyo. : 1869 : Daily)</subfield><subfield code="w">(DLC)sn 83025231</subfield><subfield code="w">(OCoLC)9344189</subfield></datafield><datafield ind1="0" ind2="7" tag="785"><subfield code="t">Cheyenne state leader</subfield><subfield code="w">(DLC)sn 90051949</subfield><subfield code="w">(OCoLC)22723849</subfield></datafield><datafield ind1="0" ind2="7" tag="785"><subfield code="t">Wyoming state tribune, Cheyenne state leader</subfield><subfield code="w">(DLC)sn 92067209</subfield><subfield code="w">(OCoLC)26771179</subfield></datafield></record>